<?xml version="1.0" encoding="UTF-8"?><collection xmlns="http://www.loc.gov/MARC21/slim"><record><leader>00415nam--2200133-i-4500</leader><controlfield tag="001">000029351</controlfield><controlfield tag="002">20161230</controlfield><controlfield tag="005">20161230201037</controlfield><controlfield tag="008">060222s1000------------r-----000-0-eng-d</controlfield><datafield ind1=" " ind2=" " tag="080"><subfield code="a">543.422.4(043)</subfield></datafield><datafield ind1=" " ind2=" " tag="100"><subfield code="a">Lascombe, Jean</subfield></datafield><datafield ind1=" " ind2=" " tag="245"><subfield code="a">Ccontribution a l`etude par spectroscopie infrarouge des effets de solvant sur la frequence d`un vibrateur diatomique</subfield></datafield><datafield ind1=" " ind2=" " tag="260"><subfield code="a">Bordeaux, Universite, 1960, 90p</subfield></datafield><datafield ind1=" " ind2=" " tag="852"><subfield code="a">77067</subfield></datafield></record></collection>